1639 3009
493 95 600 151 DE
650 96 855 151 ARTE
904 94 1264 152 ΡοΕτῙςΑῖ
1498 117 1532 171 9

183 187 263 236 Ne
278 224 294 250 ,
330 181 466 234 velut
484 185 647 232 innati
671 182 867 242 triviis,
898 196 954 228 ac
968 179 1089 245 pene*
1096 179 1307 248 forenses
1323 215 1341 243 ,
1426 198 1527 250 245

184 261 298 306 Aut
323 259 513 304 nimium
538 255 710 302 teneris
722 250 1021 316 juvenentur
1049 249 1256 320 versibus
1288 268 1528 320 unquam,

182 331 298 376 Aut
324 323 562 374 immunda
589 332 773 389 crepent
797 321 1184 388 ignominiosaque
1210 320 1356 374 dida.

179 396 496 462 offenduntur
507 399 628 443 enim
640 392 805 461 quibus
819 391 881 461 est
895 408 1034 460 equus
1046 389 1258 458 &pater
1271 390 1334 451 ὠ
1350 410 1421 442 res
1439 410 1456 443 .·

179 471 310 533 Nec,
325 467 373 537 si
395 465 513 535 quid
515 465 662 535 fritli
690 465 845 512 ciceris
862 460 1039 530 probat
1066 460 1131 520 &
1157 466 1283 511 nucis
1309 475 1491 529 emtor,

180 542 356 606 AEquis
382 541 611 603 accipiunt
635 539 835 596 animis,
873 533 1118 582 donantve
1140 549 1320 586 corona.
1421 552 1524 602 250

245 606 433 677 Syllaba
457 608 592 670 longa
618 605 755 655 brevi
771 603 988 673 ficbjebla
1010 643 1028 671 ,
1076 615 1278 654 vocatur
1304 605 1488 654 'iambus
1502 645 1522 674 ‚

176 680 268 727 Pes
293 684 411 728 citus
430 698 444 727 :
481 679 600 727 unde
627 681 772 725 etiam
800 680 1031 724 trimetris
1057 675 1302 744 accrescere
1315 675 1454 744 juffit

178 753 363 799 Nomen
386 748 610 800 ‘iambeist
645 765 786 816 quum
801 747 937 815 si’nos
965 746 1176 796 redderet
1203 748 1355 810 ictus,

179 823 365 869 Primus
390 821 459 870 ad
474 832 732 869 extremum
745 816 910 888 similis
926 816 1034 888 fibi.
1081 820 1196 868 Non
1223 823 1297 866 ita
1311 817 1521 885 pridem,

175 892 375 940 Tardior
389 904 445 941 ut
449 889 592 957 paulo
600 893 887 956 graviorque
901 893 1092 939 veniret
1105 889 1174 938 ad
1181 906 1317 938 aures
1329 929 1346 956 ‚
1417 908 1479 959 25
1492 909 1518 962 5

173 962 398 1028 Spondeos
410 960 605 1030 stabiles
632 966 683 1009 in
695 961 816 1025 jura
832 971 1042 1026 paterna
1067 964 1236 1026 recepit

175 1033 441 1083 Commodus
469 1030 535 1091 ὠ»
550 1036 743 1099 patiens
760 1048 775 1078 .·
808 1048 900 1079 non
928 1041 982 1079 ut
1006 1030 1059 1079 de
1074 1029 1184 1098 sede
1196 1030 1405 1099 secunda

177 1103 403 1169 cederet,
426 1115 517 1152 aut
544 1113 724 1170 quarta
740 1098 994 1169 socialiter.
1069 1104 1163 1149 Hic
1191 1100 1256 1159 ῤ’
1283 1107 1332 1150 in
1358 1100 1482 1152 Acci

173 1173 426 1226 Nobilibus
452 1176 684 1223 trimetris
710 1182 904 1238 apparet
930 1187 1099 1237 rarus,
1136 1169 1201 1230 ὠ·
1228 1171 1380 1224 Enni.

175 1249 236 1295 In
251 1247 440 1315 fienam
465 1246 611 1314 miffos
634 1260 798 1306 magno
823 1260 923 1292 cum
937 1242 1140 1310 pondere
1166 1243 1361 1312 versus,
1419 1247 1524 1298 260

175 1322 290 1368 Aut
316 1333 460 1384 operae
488 1315 642 1366 celeris
670 1319 892 1378 nimium,
926 1331 1127 1382 curaque
1150 1320 1385 1384 carentis,

175 1392 288 1438 Aut
311 1394 533 1450 ignorata
546 1391 724 1454 premit
749 1390 875 1435 artis
899 1390 1088 1434 crimine
1112 1390 1257 1453 turpi.

176 1463 291 1509 Non
318 1464 480 1528 quivis
505 1459 642 1509 videt
666 1455 973 1507 immodulata
988 1459 1214 1524 po'e'mata
1229 1456 1386 1524 judex
1402 1477 1419 1508 .-

172 1533 248 1580 Et
275 1530 395 1579 data
418 1535 640 1580 Romanis
665 1532 812 1579 venia
837 1527 900 1598 esi
924 1528 1119 1591 indigna
1144 1531 1322 1580 Poetis.

171 1600 410 1650 Idcircone
425 1619 572 1664 vager
587 1600 900 1668 ,firibamque
913 1598 1106 1649 licenter
1125 1599 1143 1647 ,ἲ
1157 1618 1223 1648 an
1238 1617 1390 1650 omnes
1423 1601 1522 1671 265·

173 1672 356 1739 Visicros
372 1684 567 1739 peccata
583 1682 746 1738 putem
773 1688 903 1732 mea,
937 1680 1072 1719 tutus
1097 1668 1161 1729 ὠ
1185 1675 1322 1720 intra

172 1745 304 1810 Spem
331 1747 486 1792 veniae
513 1741 715 1790 cautus?
749 1744 922 1790 vitavi
950 1741 1144 1807 denique
1173 1740 1378 1808 culpam,

173 1817 288 1863 Non
314 1812 497 1863 laudem
523 1816 681 1861 merui.
719 1815 804 1860 Vos
830 1810 1116 1878 exemplaria
1145 1815 1315 1862 Graeca

170 1887 424 1935 Noc‘lurna
448 1884 639 1953 versate
664 1901 838 1949 manu,
872 1882 1063 1952 versate
1097 1881 1288 1936 diurna.

171 1964 287 2005 Aut
315 1955 458 2023 nostri
471 1959 649 2022 proavi
675 1952 921 2004 Plautinos
950 1952 1016 2013 ῥ’
1042 1972 1250 2004 numeros
1279 1952 1345 2014 ἔφ’
1416 1972 1524 2025 270

171 2026 465 2076 Laudavere
480 2025 607 2095 sales
624 2045 639 2075 .-
673 2029 866 2075 nimium
885 2030 1128 2092 patienter
1156 2039 1438 2096 utrumque,

169 2101 251 2148 Ne
274 2099 422 2148 dicam
434 2096 611 2167 stulte,
645 2100 840 2146 mirati:
865 2097 915 2167 fi
935 2097 1062 2146 modo
1090 2114 1166 2159 ego
1195 2097 1259 2156 ὠ·
1290 2115 1378 2148 vos

169 2173 344 2219 Scimus
369 2168 652 2219 inurbanum
678 2167 821 2236 lepido
835 2169 1050 2237 seponere
1077 2169 1198 2219 dicto
1213 2205 1232 2232 ‚

172 2242 544 2310 Legitimumque
559 2240 724 2309 sonum
753 2240 910 2302 digitis
935 2238 1145 2289 callemus
1172 2239 1237 2299 &
1262 2257 1394 2295 aure.

241 2316 458 2373 Ignotum
483 2317 675 2375 tragicae
696 2329 838 2374 genus
862 2313 1088 2381 inveniffe
1118 2318 1346 2375 Camoenae
1419 2330 1523 2394 ²75

173 2386 400 2445 Dicitur,
430 2381 494 2440 όν
511 2381 735 2451 plaustris
764 2383 941 2452 vexiffl’
960 2387 1183 2449 po'e‘mata
1207 2382 1419 2452 Thespis,

172 2452 302 2525 Qae
329 2466 548 2504 canerent
573 2466 849 2524 agerentque
866 2455 1083 2521 peruncfti
1094 2453 1298 2524 faecibus
1324 2473 1423 2505 ora.

1417 2522 1523 2592 1³0st

192 2650 200 2659 κ
226 2643 302 2682 257
333 2647 388 2671 ac.
448 2633 525 2671 260
553 2631 690 2682 miffus.
748 2632 819 2669 261
851 2630 1000 2669 nimium
1022 2631 1154 2670 celcris.
1215 2643 1293 2686 270
1323 2633 1386 2671 At
1410 2629 1534 2680 vestri.

231 2699 303 2741 ²7¹
334 2688 514 2743 utrosque.
575 2700 654 2743 272
683 2690 767 2728 Non
791 2688 921 2728 dicam.
978 2699 1055 2743 277
1086 2688 1179 2747 Qu‘.

780 2749 892 2822 As
