1639 3009
95 161 131 215 η,
364 139 468 193 ΒΕ
522 121 1135 194 ΑκΤΕῬοΕτιςΑΣ

99 232 240 279 Hunc
253 223 371 294 socci
397 239 542 291 cepere
557 222 718 289 pedem
739 220 1026 290 grande-saue
1050 220 1294 287 cothurni,
1367 222 1433 277 80

103 297 325 349 Alternis
350 306 510 361 aptum
524 292 813 362 sermonibus
827 332 844 358 ,
878 291 944 349 (ῥ’
962 290 1206 357 populares
1346 304 1349 308 ’

99 373 363 421 Vincentem
376 364 601 433 strepitus
614 399 632 426 ,
670 361 734 420 εἶν·
758 373 926 412 natum
950 362 1082 410 rebus
1107 363 1309 425 agendis.

167 437 311 505 Musa
330 435 457 484 dedit
467 434 644 503 fidibus
670 437 856 498 Divos,
875 433 1123 500 puerosque
1133 437 1366 501 Deorum,

97 511 171 560 Et
178 505 370 576 pugilem
381 507 603 555 victorem
615 544 632 571 ,
660 502 723 562 ό
736 521 900 571 equum
914 507 1160 552 certamine
1163 509 1366 571 primum
1377 539 1398 568 ,

99 584 172 629 Et
185 571 416 645 juvenum
443 593 599 641 curas,
634 574 698 633 ὠ·
725 572 872 623 libera
901 576 1022 622 vina
1049 574 1233 642 referre.
1366 577 1430 645 85

163 649 431 717 Destriptas
446 646 647 715 firvare
673 648 826 709 vices,
859 657 1125 711 operumque
1149 643 1340 709 colores,

95 726 192 771 Cur
218 736 319 781 egO,
341 717 389 788 Ji
408 733 573 784 nequeo
596 719 865 782 ignoroque,
898 716 1047 762 Po‘e'ta
1061 713 1286 782 salutor?

96 796 192 842 Cur
217 789 412 856 nescire,
437 786 615 854 pudens
627 800 813 852 prave,
851 802 988 852 quam
1015 785 1180 852 difiere
1204 784 1360 836 malo.²

163 858 366 930 Verstbus
390 861 554 923 exponi
580 859 771 918 tragicis
791 871 865 904 res
892 860 1056 903 comica
1082 873 1174 905 non
1203 854 1345 919 vult,‚·

96 931 381 992 Indignatur
410 933 521 976 item
539 930 753 993 privatis
777 943 831 974 ac
849 940 989 993 prope
1000 926 1125 994 socco
1361 945 1432 997 90

92 1005 261 1064 Dignis
289 997 564 1048 carminibus
592 1001 786 1047 narrari
808 1012 934 1044 coena
963 996 1177 1066 Thyesta.

90 1069 282 1134 Singula
311 1085 500 1137 quaeque
525 1067 664 1116 locum
690 1078 884 1116 teneant
897 1066 1080 1135 sortita
1105 1069 1329 1123 decenter.

84 1141 333 1194 Interdum
359 1151 517 1188 tamen
545 1137 609 1197 όν
634 1154 789 1188 vocem
816 1137 1045 1187 Comoedia
1070 1137 1227 1202 tollit,

90 1211 339 1280 Iratusque
365 1209 576 1258 Chremes
598 1209 772 1257 tumido
798 1206 1012 1270 delitigat
1036 1226 1112 1257 ore
1126 1228 1141 1258 .-

90 1286 167 1333 Et
189 1286 390 1344 tragicus
409 1278 675 1347 plerumque
703 1277 824 1327 dolet
837 1279 1046 1347 fi'rmone
1061 1279 1274 1348 pedestri.
1358 1299 1426 1352 95

89 1350 306 1419 Telephus
323 1350 385 1409 (ὂψ
400 1348 582 1412 Peleus,
621 1367 759 1416 quum
768 1365 945 1416 pauper
971 1349 1035 1408 ὠ
1050 1350 1165 1399 exul
1176 1363 1398 1421 uterque,

89 1425 288 1490 Projicit
313 1418 568 1488 ampullas,
603 1420 667 1477 (ῥ’
682 1417 1019 1488 sesquipedalia
1042 1421 1192 1470 verba
1210 1460 1230 1489 ,
1461 1429 1464 1432 ⁴

89 1497 138 1543 Si
166 1504 301 1542 curat
328 1508 400 1540 cor
411 1491 671 1559 spectantis
697 1492 893 1559 tetigiſje
917 1490 1117 1558 querela.

89 1568 203 1615 Non
220 1563 348 1632 satis
372 1562 434 1630 est
449 1559 616 1628 pulcra
639 1562 721 1629 ‘'ffi'
743 1564 969 1610 Po‘e‘mata
984 1579 999 1610 .·
1034 1560 1185 1611 dulcia
1195 1562 1375 1628 sunto,

89 1639 163 1685 Et
177 1649 445 1703 quocumque
461 1629 623 1681 volent
634 1670 651 1696 ,
665 1634 869 1679 animum
883 1631 1111 1680 auditoris
1125 1645 1313 1694 agunto,
1332 1652 1430 1688 106>

92 1710 160 1754 Ut
186 1703 445 1752 ridentibus
466 1701 712 1761 arrident,
744 1705 818 1748 ita
834 1701 1065 1766 flentibus
1090 1703 1273 1770 adflent

91 1777 306 1824 Humani
333 1770 512 1821 vultus.
577 1775 626 1818 Si
648 1774 727 1817 vis
750 1787 818 1818 me
827 1770 978 1836 flere,
1011 1770 1249 1821 dolendum
1274 1773 1337 1842 est

92 1849 301 1895 Primum
323 1842 406 1912 ipsi
426 1840 549 1890 tibi:
575 1851 686 1889 tunc
712 1850 800 1887 tua
826 1856 896 1886 me
919 1840 1181 1908 infortunia
1207 1842 1396 1898 laedent.

92 1913 307 1981 Telephe,
341 1909 425 1960 vel
444 1909 610 1977 Peleu,
645 1908 765 1958 male*
778 1910 828 1980 fi
847 1911 1077 1960 mandata
1105 1910 1333 1982 loqueris,

83 1989 206 2036 Aut
228 1982 515 2043 dormitabo,
540 1992 630 2029 aut
652 1980 819 2029 ridebo,
863 1980 1031 2049 Tristia
1055 1982 1254 2050 moestum
1332 2000 1423 2056 105

94 2053 281 2106 Vultum
306 2052 454 2101 verba
481 2051 667 2099 decent:
702 2055 906 2117 iratum,
930 2051 1071 2118 plena
1094 2058 1324 2103 minarum
1340 2073 1356 2104 .·

95 2125 387 2184 Ludentem,
419 2120 468 2170 la
490 2125 627 2171 civa:
648 2122 896 2189 fleverunt,
950 2127 1048 2171 eria
1072 2122 1210 2172 dicitu.

97 2202 289 2247 Format
313 2198 433 2241 enim
461 2195 661 2241 Natura
678 2195 811 2258 prius
836 2209 916 2240 nos
943 2197 1073 2241 intus
1100 2194 1169 2241 ad
1189 2211 1362 2244 omnem

96 2272 410 2317 Fortunarum
421 2262 634 2310 habitum
650 2281 665 2310 .·
685 2272 873 2327 Juvat,
900 2274 987 2311 aut
999 2261 1190 2328 impellit
1201 2264 1270 2312 ad
1276 2269 1426 2316 iram:

96 2338 210 2387 Aut
223 2336 291 2383 ad
298 2334 482 2382 humum
496 2348 682 2381 moerore
687 2337 835 2395 gravi
844 2332 1026 2382 deducit
1039 2373 1056 2399 ,
1069 2332 1132 2391 (γ’
1147 2342 1280 2398 angit
1296 2354 1312 2385 .·-
1332 2355 1351 2388 1
1366 2353 1427 2391 10

97 2405 203 2475 Post
227 2405 359 2471 effi’rt
384 2407 529 2452 animi
555 2413 704 2452 motus
726 2407 978 2469 interprete
1000 2402 1171 2466 lingua.

97 2481 147 2527 Si
173 2477 364 2525 dicentis
390 2484 529 2523 erunt
538 2473 755 2540 fhrtunis
779 2472 949 2541 abssna
974 2475 1101 2523 dieta
1115 2514 1134 2540 ,

95 2550 293 2603 Romani
321 2542 485 2593 tollent
511 2548 685 2612 equites
700 2544 963 2613 peditesffe
988 2544 1270 2598 cachinnum.

1342 2619 1428 2668 In?

1402 2673 1426 2684 ..d

149 2715 201 2756 92
227 2705 416 2743 decentem.
472 2700 524 2754 96
549 2705 591 2741 ac
612 2698 754 2741 Peleus.
808 2708 860 2749 97
888 2711 941 2740 ac.
